<record><leader>00000cas a22000007a 4500</leader><controlfield tag="001">16835432</controlfield><controlfield tag="008">871009d197u197uinuwr ne      0    0eng d</controlfield><datafield ind1=" " ind2=" " tag="010"><subfield code="a">sn 87056386 </subfield></datafield><datafield ind1=" " ind2=" " tag="040"><subfield code="a">NPI</subfield><subfield code="b">eng</subfield><subfield code="c">NPI</subfield><subfield code="d">OCLCQ</subfield></datafield><datafield ind1=" " ind2=" " tag="042"><subfield code="a">msc</subfield></datafield><datafield ind1="0" ind2="0" tag="245"><subfield code="a">Elkhart County trib.</subfield></datafield><datafield ind1="1" ind2="7" tag="246"><subfield code="a">Elkhart trib</subfield></datafield><datafield ind1=" " ind2=" " tag="260"><subfield code="a">[Elkhart, Ind. :</subfield><subfield code="b">s.n.]</subfield></datafield><datafield ind1=" " ind2=" " tag="310"><subfield code="a">Weekly</subfield></datafield><datafield ind1=" " ind2=" " tag="500"><subfield code="a">Possibly issued by the South Bend tribune.</subfield></datafield><datafield ind1=" " ind2=" " tag="588"><subfield code="a">Description based on: Feb. 15, 1978.</subfield></datafield><datafield ind1=" " ind2=" " tag="588"><subfield code="a">Latest issue consulted: May 3, 1978</subfield></datafield><datafield ind1=" " ind2=" " tag="752"><subfield code="a">United States</subfield><subfield code="b">Indiana</subfield><subfield code="c">Elkhart</subfield><subfield code="d">Elkhart.</subfield></datafield></record>